% This file was created with JabRef 2.6.
% Encoding: Cp1252

@BOOK{bentley:1999,
  title = {{P}rogramming {P}earls},
  publisher = {Addison--Wesley},
  year = {1999},
  author = {Jon Bentley},
  address = {Boston, MA, USA},
  edition = {2nd}
}

@BOOK{bringhurst:2002,
  title = {{T}he {E}lements of {T}ypographic {S}tyle},
  publisher = {Hartley \& Marks Publishers},
  year = {2008},
  author = {Robert Bringhurst},
  series = {Version 3.2},
  address = {Point Roberts, WA, USA}
}

@BOOK{cormen:2001,
  title = {{I}ntroduction to {A}lgorithms},
  publisher = {The MIT Press},
  year = {2001},
  author = {Cormen, Thomas H. and Leiserson, Charles E. and Rivest, Ronald L.
	and Clifford Stein},
  address = {Cambridge, MA, USA},
  edition = {2nd}
}

@BOOK{dueck:trio,
  title = {{D}ueck's {T}rilogie: {O}mnisophie -- {S}upramanie -- {T}opothesie},
  publisher = {Springer, Berlin},
  year = {2005},
  author = {Gunter Dueck},
  note = {\url{http://www.omnisophie.com}}
}

@ARTICLE{knuth:1976,
  author = {Knuth, Donald E.},
  title = {{B}ig {O}micron and {B}ig {O}mega and {B}ig {T}heta},
  journal = {SIGACT News},
  year = {1976},
  volume = {8},
  pages = {18--24},
  number = {2},
  month = {April/June},
  address = {New York, NY, USA},
  publisher = {ACM Press}
}

@ARTICLE{knuth:1974,
  author = {Knuth, Donald E.},
  title = {{C}omputer {P}rogramming as an {A}rt},
  journal = {Communications of the ACM},
  year = {1974},
  volume = {17},
  pages = {667--673},
  number = {12},
  month = {December },
  address = {New York, NY, USA},
  publisher = {ACM Press}
}

@BOOK{sommerville:1992,
  title = {{S}oftware {E}ngineering},
  publisher = {Addison-Wesley},
  year = {1992},
  author = {Ian Sommerville},
  address = {Boston, MA, USA},
  edition = {4th}
}

@ARTICLE{friedman:2008,
    author = {Friedman, Vitaly},
    title = {{D}ata {V}isualization and {I}nfographics},
    journal = {Smashing Magazine},
    year = {2008},
    month = {January},
    note = {\url{http://www.smashingmagazine.com/2008/01/14/monday-inspiration-data-visualization-and-infographics/}}
}

@ONLINE{day:2009,
    author = {Day, Karen},
    title = {{A}ndreas {N}icolas {F}ischer: {D}ata {V}isualization {A}rt},
    year = 2009,
    url = {http://www.coolhunting.com/culture/andreas-nicolas.php},
    urldate = {2013-11-21}
}

@ONLINE{schenker:2012,
    author = {Schenker, Dylan},
    title = {{M}iebach and {P}osavec -- {D}ata, {V}isualization, {P}oetry and {S}culpture},
    year = 2012,
    url = {http://www.creativeapplications.net/theory/meibach-and-posavec-data-visualization-poetry-and-sculpture/},
    urldate = {2013-11-21}
}

@INPROCEEDINGS{marcus:2003,
    author = {Marcus, Andrian and Feng, Louis and Maletic, Jonathan I.},
    title = {{3D} {R}epresentations for {S}oftware {V}isualization},
    booktitle = {Proceedings of the 2003 ACM Symposium on Software Visualization},
    series = {SoftVis '03},
    year = {2003},
    isbn = {1-58113-642-0},
    location = {San Diego, California},
    pages = {27--ff},
    url = {http://doi.acm.org/10.1145/774833.774837},
    doi = {10.1145/774833.774837},
    acmid = {774837},
    publisher = {ACM},
    address = {New York, NY, USA},
    keywords = {3D visualization, SeeSoft, file maps, software visualization},
} 

@PATENT{us5121329:1992,
 author = {Crump, S. Scott},
 title = {Apparatus and method for creating three-dimensional objects},
 year = {1992},
 month = {June},
 day = {9},
 number = {US 5121329},
 type = {Patent},
 version = {},
 location = {US},
 url = {https://www.google.com/patents/US5121329},
 filing_num = {07429012},
 yearfiled = {1989},
 monthfiled = {10},
 dayfiled = {30},
 pat_refs = {US 1934891 (Nov, 1933) Taylor 239/83; US 3749149 (Jul, 1973) Paton et al. 164/94; US 4071944 (Feb, 1978) Chuss et al. 427/8; US 4247508 (Jan, 1981) Housholder 264/221; US 4293513 (Oct, 1981) Langley et al. 264/308; US 4545529 (Oct, 1985) Tropecano et al. 239/75; US 4575330 (Mar, 1986) Hull 364/473; US 4595816 (Jun, 1986) Hall et al. 364/477; US 4665492 (May, 1987) Masters 447/4.0.2; US 4681258 (Jul, 1987) Jenkins et al. 239/83; US 4863538 (Sep, 1989) Deckard; US 4938816 (Jul, 1990) Beaman et al.; US 4944817 (Jul, 1990) Bourell et al.},
 IPC_class = {G06F 1546},
 US_class = {251/744; 264/239; 264/25; 364/468; 364/477; 447/424},
}
